@article{MB14a,
  title={Un autre titre de papier},
  author={Machin, M. and Bidule, B},
  journal={Conf√©rence d'apprentissage automatique},
  year={2014}
}




@InProceedings{papier1,
  author = 	 {Machin, M. and Bidule, B},
  title = 	 {Un titre de papier},
  OPTcrossref =  {},
  OPTkey = 	 {},
  OPTbooktitle = {},
  year = 	 {2014},
  OPTeditor = 	 {},
  OPTvolume = 	 {},
  OPTnumber = 	 {},
  OPTseries = 	 {},
  OPTpages = 	 {},
  OPTmonth = 	 {},
  OPTaddress = 	 {},
  OPTorganization = {},
  OPTpublisher = {},
  OPTnote = 	 {},
  OPTannote = 	 {}
}

@Article{papier2,
  author = 	 {Machin, M. and Bidule, B},
  title = 	 {Un autre titre de papier},
  journal = 	 {Revue d'apprentissage automatique},
  year = 	 {2014},
  OPTkey = 	 {},
  OPTvolume = 	 {},
  OPTnumber = 	 {},
  OPTpages = 	 {},
  OPTmonth = 	 {},
  OPTnote = 	 {},
  OPTannote = 	 {}
}

